<record><leader>00000cas a2200000 a 4500</leader><controlfield tag="001">26657345</controlfield><controlfield tag="008">920923d19441946cauwr ne      0    0eng c</controlfield><datafield ind1=" " ind2=" " tag="010"><subfield code="a">sn 92070103 </subfield></datafield><datafield ind1=" " ind2=" " tag="040"><subfield code="a">CNK</subfield><subfield code="b">eng</subfield><subfield code="c">CNK</subfield><subfield code="d">NSD</subfield><subfield code="d">CNK</subfield><subfield code="d">OCLCQ</subfield><subfield code="d">CNK</subfield><subfield code="d">OCLCQ</subfield><subfield code="d">OCLCF</subfield><subfield code="d">OCLCO</subfield></datafield><datafield ind1="1" ind2=" " tag="029"><subfield code="a">AU@</subfield><subfield code="b">000020713666</subfield></datafield><datafield ind1=" " ind2=" " tag="042"><subfield code="a">pcc</subfield></datafield><datafield ind1=" " ind2=" " tag="043"><subfield code="a">n-us-ca</subfield></datafield><datafield ind1="0" ind2="4" tag="245"><subfield code="a">The Clovis independent and tribune.</subfield></datafield><datafield ind1=" " ind2=" " tag="260"><subfield code="a">Clovis, Calif. :</subfield><subfield code="b">M.A. Hinkley</subfield></datafield><datafield ind1=" " ind2=" " tag="300"><subfield code="a">v.</subfield></datafield><datafield ind1=" " ind2=" " tag="310"><subfield code="a">Weekly</subfield></datafield><datafield ind1="0" ind2=" " tag="362"><subfield code="a">Vol. 29, no. 30 (Oct. 19, 1944)-v. 29, no. 16 (July 18, 1946).</subfield></datafield><datafield ind1=" " ind2=" " tag="530"><subfield code="a">Master negatives are available for duplication from:</subfield><subfield code="b">California Newspaper Microfilm Archive;</subfield><subfield code="c">positive copies may be purchased by the reel; for further information consult the CNMA at:</subfield><subfield code="u">http://cbsr.ucr.edu</subfield></datafield><datafield ind1=" " ind2="0" tag="651"><subfield code="a">Clovis (Calif.)</subfield><subfield code="v">Newspapers.</subfield></datafield><datafield ind1=" " ind2="7" tag="655"><subfield code="a">Newspapers.</subfield><subfield code="2">fast</subfield><subfield code="0">(OCoLC)fst01423814</subfield></datafield><datafield ind1=" " ind2="7" tag="651"><subfield code="a">California</subfield><subfield code="z">Clovis.</subfield><subfield code="2">fast</subfield><subfield code="0">(OCoLC)fst01213279</subfield></datafield><datafield ind1=" " ind2=" " tag="752"><subfield code="a">United States</subfield><subfield code="b">California</subfield><subfield code="c">Fresno</subfield><subfield code="d">Clovis.</subfield></datafield><datafield ind1="0" ind2="4" tag="780"><subfield code="t">Clovis independent (Clovis, Calif. : 1905)</subfield><subfield code="w">(DLD)sn 92068966</subfield></datafield><datafield ind1="0" ind2="4" tag="780"><subfield code="t">Clovis tribune</subfield><subfield code="w">(DLC)sn 97060737</subfield></datafield><datafield ind1="0" ind2="0" tag="785"><subfield code="t">Clovis independent (Clovis, Calif. : 1946)</subfield><subfield code="x">1068-5944</subfield><subfield code="w">(DLC)sn 92070104</subfield></datafield></record>